<?xml version="1.0" encoding="UTF-8"?><collection xmlns="http://www.loc.gov/MARC21/slim"><record><leader>00695nam--2200193-i-4500</leader><controlfield tag="001">000039586</controlfield><controlfield tag="002">20161230</controlfield><controlfield tag="005">20161230201042</controlfield><controlfield tag="008">060222s1000------------r-----000-0-fre-d</controlfield><datafield ind1=" " ind2=" " tag="040"><subfield code="a">IFIN-HH</subfield></datafield><datafield ind1=" " ind2=" " tag="041"><subfield code="a">fre</subfield></datafield><datafield ind1=" " ind2=" " tag="080"><subfield code="a">517.91(042):531.(042)</subfield></datafield><datafield ind1="1" ind2=" " tag="100"><subfield code="a">Roseau, Maurice</subfield></datafield><datafield ind1="1" ind2="0" tag="245"><subfield code="a">Solutions periodiques on presques des systemes differentiels de la mecanique non lineaire</subfield><subfield code="b">Lectures Held at the Department for Mechanics of Deformable Bodies September - October 1970, Udine 1970</subfield></datafield><datafield ind1=" " ind2=" " tag="260"><subfield code="a">Wien, Springer-verlag, 1970,</subfield></datafield><datafield ind1=" " ind2=" " tag="300"><subfield code="a">226P</subfield></datafield><datafield ind1=" " ind2=" " tag="490"><subfield code="a">International Centre For Mechanical Sciences. Courses And Lectures</subfield><subfield code="v">no.44</subfield></datafield><datafield ind1=" " ind2=" " tag="852"><subfield code="a">42467</subfield><subfield code="c">531</subfield></datafield><datafield ind1=" " ind2=" " tag="CAT"><subfield code="a">Sys</subfield><subfield code="c">20100624</subfield><subfield code="h">150524</subfield></datafield></record></collection>